@BOOK{
	pt,
	author = {Gaisia Takeuti}, 
	year = 1975,
	title = {Proof Theory},
	edition = 1,
	publisher = {North-Holland Publishing Company},
	adress = {New York} 
}
@MISC{
	hyper,
   	author = {Hyperledger},
   	title = {Hyperledger Fabric: A Blockchain Platform for the Enterprise},
   	howpublished = {URL{ https://hyperledger-fabric.readthedocs.io/en/release-2.0/}},
   	note = "[Visitada el 29-02-2020]"
}
@MISC{
	docker,
	author = {Steven J. Vaughan-Nichols for Linux and Open Source},
	title = {What is Docker and why is it so darn popular?},
	howpublished = {URL{ https://www.zdnet.com/article/what-is-docker-and-why-is-it-so-darn-popular/}},
	note = "[Visitada el 02-04-2020]"
}
@ARTICLE{
	Beatriz2011,
	author = {B. Beatriz},
	title = {Historia de las Matemáticas},
	journal = {Matemáticas},
	year = {2011},
	volume = {35},
	pages = {114-119}
}
